%YAML 1.1
%TAG !u! tag:unity3d.com,2011:
--- !u!29 &1
OcclusionCullingSettings:
  m_ObjectHideFlags: 0
  serializedVersion: 2
  m_OcclusionBakeSettings:
    smallestOccluder: 5
    smallestHole: 0.25
    backfaceThreshold: 100
  m_SceneGUID: 00000000000000000000000000000000
  m_OcclusionCullingData: {fileID: 0}
--- !u!104 &2
RenderSettings:
  m_ObjectHideFlags: 0
  serializedVersion: 9
  m_Fog: 0
  m_FogColor: {r: 0.5, g: 0.5, b: 0.5, a: 1}
  m_FogMode: 3
  m_FogDensity: 0.01
  m_LinearFogStart: 0
  m_LinearFogEnd: 300
  m_AmbientSkyColor: {r: 0.212, g: 0.227, b: 0.259, a: 1}
  m_AmbientEquatorColor: {r: 0.114, g: 0.125, b: 0.133, a: 1}
  m_AmbientGroundColor: {r: 0.047, g: 0.043, b: 0.035, a: 1}
  m_AmbientIntensity: 1
  m_AmbientMode: 0
  m_SubtractiveShadowColor: {r: 0.42, g: 0.478, b: 0.627, a: 1}
  m_SkyboxMaterial: {fileID: 10304, guid: 0000000000000000f000000000000000, type: 0}
  m_HaloStrength: 0.5
  m_FlareStrength: 1
  m_FlareFadeSpeed: 3
  m_HaloTexture: {fileID: 0}
  m_SpotCookie: {fileID: 10001, guid: 0000000000000000e000000000000000, type: 0}
  m_DefaultReflectionMode: 0
  m_DefaultReflectionResolution: 256
  m_ReflectionBounces: 1
  m_ReflectionIntensity: 1
  m_CustomReflection: {fileID: 0}
  m_Sun: {fileID: 0}
  m_IndirectSpecularColor: {r: 0.44657898, g: 0.4964133, b: 0.5748178, a: 1}
  m_UseRadianceAmbientProbe: 0
--- !u!157 &3
LightmapSettings:
  m_ObjectHideFlags: 0
  serializedVersion: 11
  m_GIWorkflowMode: 1
  m_GISettings:
    serializedVersion: 2
    m_BounceScale: 1
    m_IndirectOutputScale: 1
    m_AlbedoBoost: 1
    m_TemporalCoherenceThreshold: 1
    m_EnvironmentLightingMode: 0
    m_EnableBakedLightmaps: 1
    m_EnableRealtimeLightmaps: 0
  m_LightmapEditorSettings:
    serializedVersion: 10
    m_Resolution: 2
    m_BakeResolution: 10
    m_AtlasSize: 512
    m_AO: 0
    m_AOMaxDistance: 1
    m_CompAOExponent: 1
    m_CompAOExponentDirect: 0
    m_Padding: 2
    m_LightmapParameters: {fileID: 0}
    m_LightmapsBakeMode: 1
    m_TextureCompression: 1
    m_FinalGather: 0
    m_FinalGatherFiltering: 1
    m_FinalGatherRayCount: 256
    m_ReflectionCompression: 2
    m_MixedBakeMode: 2
    m_BakeBackend: 1
    m_PVRSampling: 1
    m_PVRDirectSampleCount: 32
    m_PVRSampleCount: 256
    m_PVRBounces: 2
    m_PVRFilterTypeDirect: 0
    m_PVRFilterTypeIndirect: 0
    m_PVRFilterTypeAO: 0
    m_PVRFilteringMode: 1
    m_PVRCulling: 1
    m_PVRFilteringGaussRadiusDirect: 1
    m_PVRFilteringGaussRadiusIndirect: 5
    m_PVRFilteringGaussRadiusAO: 2
    m_PVRFilteringAtrousPositionSigmaDirect: 0.5
    m_PVRFilteringAtrousPositionSigmaIndirect: 2
    m_PVRFilteringAtrousPositionSigmaAO: 1
    m_ShowResolutionOverlay: 1
  m_LightingDataAsset: {fileID: 112000002, guid: a75a5a2a8f324d74780db686856f3728,
    type: 2}
  m_UseShadowmask: 1
--- !u!196 &4
NavMeshSettings:
  serializedVersion: 2
  m_ObjectHideFlags: 0
  m_BuildSettings:
    serializedVersion: 2
    agentTypeID: 0
    agentRadius: 0.5
    agentHeight: 2
    agentSlope: 45
    agentClimb: 0.4
    ledgeDropHeight: 0
    maxJumpAcrossDistance: 0
    minRegionArea: 2
    manualCellSize: 0
    cellSize: 0.16666667
    manualTileSize: 0
    tileSize: 256
    accuratePlacement: 0
    debug:
      m_Flags: 0
  m_NavMeshData: {fileID: 0}
--- !u!114 &135627024 stripped
MonoBehaviour:
  m_CorrespondingSourceObject: {fileID: 114335118530327812, guid: f457f5ac92d930944b764aa79bb2c52e,
    type: 2}
  m_PrefabInternal: {fileID: 1527423576}
  m_Script: {fileID: 11500000, guid: 0929f1e933c6959478c006b29b820b68, type: 3}
--- !u!1 &170076733
GameObject:
  m_ObjectHideFlags: 0
  m_CorrespondingSourceObject: {fileID: 0}
  m_PrefabInternal: {fileID: 0}
  serializedVersion: 6
  m_Component:
  - component: {fileID: 170076735}
  - component: {fileID: 170076734}
  m_Layer: 0
  m_Name: Directional Light
  m_TagString: Untagged
  m_Icon: {fileID: 0}
  m_NavMeshLayer: 0
  m_StaticEditorFlags: 0
  m_IsActive: 1
--- !u!108 &170076734
Light:
  m_ObjectHideFlags: 0
  m_CorrespondingSourceObject: {fileID: 0}
  m_PrefabInternal: {fileID: 0}
  m_GameObject: {fileID: 170076733}
  m_Enabled: 1
  serializedVersion: 8
  m_Type: 1
  m_Color: {r: 1, g: 0.95686275, b: 0.8392157, a: 1}
  m_Intensity: 1
  m_Range: 10
  m_SpotAngle: 30
  m_CookieSize: 10
  m_Shadows:
    m_Type: 2
    m_Resolution: -1
    m_CustomResolution: -1
    m_Strength: 1
    m_Bias: 0.05
    m_NormalBias: 0.4
    m_NearPlane: 0.2
  m_Cookie: {fileID: 0}
  m_DrawHalo: 0
  m_Flare: {fileID: 0}
  m_RenderMode: 0
  m_CullingMask:
    serializedVersion: 2
    m_Bits: 4294967295
  m_Lightmapping: 1
  m_LightShadowCasterMode: 0
  m_AreaSize: {x: 1, y: 1}
  m_BounceIntensity: 1
  m_ColorTemperature: 6570
  m_UseColorTemperature: 0
  m_ShadowRadius: 0
  m_ShadowAngle: 0
--- !u!4 &170076735
Transform:
  m_ObjectHideFlags: 0
  m_CorrespondingSourceObject: {fileID: 0}
  m_PrefabInternal: {fileID: 0}
  m_GameObject: {fileID: 170076733}
  m_LocalRotation: {x: 0.40821788, y: -0.23456968, z: 0.10938163, w: 0.8754261}
  m_LocalPosition: {x: -2.56, y: 6.97, z: 3.98}
  m_LocalScale: {x: 1, y: 1, z: 1}
  m_Children: []
  m_Father: {fileID: 0}
  m_RootOrder: 3
  m_LocalEulerAnglesHint: {x: 50, y: -30, z: 0}
--- !u!1001 &310279188
Prefab:
  m_ObjectHideFlags: 0
  serializedVersion: 2
  m_Modification:
    m_TransformParent: {fileID: 0}
    m_Modifications:
    - target: {fileID: 4586393423051094, guid: 664664ebb40f7104ca7f76f2781d53a2, type: 2}
      propertyPath: m_LocalPosition.x
      value: -0.05
      objectReference: {fileID: 0}
    - target: {fileID: 4586393423051094, guid: 664664ebb40f7104ca7f76f2781d53a2, type: 2}
      propertyPath: m_LocalPosition.y
      value: 2.44
      objectReference: {fileID: 0}
    - target: {fileID: 4586393423051094, guid: 664664ebb40f7104ca7f76f2781d53a2, type: 2}
      propertyPath: m_LocalPosition.z
      value: 18.38
      objectReference: {fileID: 0}
    - target: {fileID: 4586393423051094, guid: 664664ebb40f7104ca7f76f2781d53a2, type: 2}
      propertyPath: m_LocalRotation.x
      value: 0
      objectReference: {fileID: 0}
    - target: {fileID: 4586393423051094, guid: 664664ebb40f7104ca7f76f2781d53a2, type: 2}
      propertyPath: m_LocalRotation.y
      value: 0
      objectReference: {fileID: 0}
    - target: {fileID: 4586393423051094, guid: 664664ebb40f7104ca7f76f2781d53a2, type: 2}
      propertyPath: m_LocalRotation.z
      value: 0
      objectReference: {fileID: 0}
    - target: {fileID: 4586393423051094, guid: 664664ebb40f7104ca7f76f2781d53a2, type: 2}
      propertyPath: m_LocalRotation.w
      value: 1
      objectReference: {fileID: 0}
    - target: {fileID: 4586393423051094, guid: 664664ebb40f7104ca7f76f2781d53a2, type: 2}
      propertyPath: m_RootOrder
      value: 9
      objectReference: {fileID: 0}
    - target: {fileID: 1753063709593042, guid: 664664ebb40f7104ca7f76f2781d53a2, type: 2}
      propertyPath: m_Name
      value: Esfera (3)
      objectReference: {fileID: 0}
    m_RemovedComponents: []
  m_SourcePrefab: {fileID: 100100000, guid: 664664ebb40f7104ca7f76f2781d53a2, type: 2}
  m_IsPrefabAsset: 0
--- !u!1001 &582562739
Prefab:
  m_ObjectHideFlags: 0
  serializedVersion: 2
  m_Modification:
    m_TransformParent: {fileID: 0}
    m_Modifications:
    - target: {fileID: 4112249967365902, guid: 0c310afdc6e74d342b1dc1553f28c3f8, type: 2}
      propertyPath: m_LocalPosition.x
      value: -5.22
      objectReference: {fileID: 0}
    - target: {fileID: 4112249967365902, guid: 0c310afdc6e74d342b1dc1553f28c3f8, type: 2}
      propertyPath: m_LocalPosition.y
      value: 3.13
      objectReference: {fileID: 0}
    - target: {fileID: 4112249967365902, guid: 0c310afdc6e74d342b1dc1553f28c3f8, type: 2}
      propertyPath: m_LocalPosition.z
      value: 18.5
      objectReference: {fileID: 0}
    - target: {fileID: 4112249967365902, guid: 0c310afdc6e74d342b1dc1553f28c3f8, type: 2}
      propertyPath: m_LocalRotation.x
      value: 0
      objectReference: {fileID: 0}
    - target: {fileID: 4112249967365902, guid: 0c310afdc6e74d342b1dc1553f28c3f8, type: 2}
      propertyPath: m_LocalRotation.y
      value: 0
      objectReference: {fileID: 0}
    - target: {fileID: 4112249967365902, guid: 0c310afdc6e74d342b1dc1553f28c3f8, type: 2}
      propertyPath: m_LocalRotation.z
      value: 0
      objectReference: {fileID: 0}
    - target: {fileID: 4112249967365902, guid: 0c310afdc6e74d342b1dc1553f28c3f8, type: 2}
      propertyPath: m_LocalRotation.w
      value: 1
      objectReference: {fileID: 0}
    - target: {fileID: 4112249967365902, guid: 0c310afdc6e74d342b1dc1553f28c3f8, type: 2}
      propertyPath: m_RootOrder
      value: 6
      objectReference: {fileID: 0}
    - target: {fileID: 114998704028581346, guid: 0c310afdc6e74d342b1dc1553f28c3f8,
        type: 2}
      propertyPath: movement
      value: 
      objectReference: {fileID: 1380623213}
    m_RemovedComponents: []
  m_SourcePrefab: {fileID: 100100000, guid: 0c310afdc6e74d342b1dc1553f28c3f8, type: 2}
  m_IsPrefabAsset: 0
--- !u!1001 &654520190
Prefab:
  m_ObjectHideFlags: 0
  serializedVersion: 2
  m_Modification:
    m_TransformParent: {fileID: 0}
    m_Modifications:
    - target: {fileID: 4124458176796056, guid: 06fc5c52a01bab94b98e1faddfcb9719, type: 2}
      propertyPath: m_LocalPosition.x
      value: -1.86
      objectReference: {fileID: 0}
    - target: {fileID: 4124458176796056, guid: 06fc5c52a01bab94b98e1faddfcb9719, type: 2}
      propertyPath: m_LocalPosition.y
      value: 0.88
      objectReference: {fileID: 0}
    - target: {fileID: 4124458176796056, guid: 06fc5c52a01bab94b98e1faddfcb9719, type: 2}
      propertyPath: m_LocalPosition.z
      value: -17.32
      objectReference: {fileID: 0}
    - target: {fileID: 4124458176796056, guid: 06fc5c52a01bab94b98e1faddfcb9719, type: 2}
      propertyPath: m_LocalRotation.x
      value: 0
      objectReference: {fileID: 0}
    - target: {fileID: 4124458176796056, guid: 06fc5c52a01bab94b98e1faddfcb9719, type: 2}
      propertyPath: m_LocalRotation.y
      value: 0
      objectReference: {fileID: 0}
    - target: {fileID: 4124458176796056, guid: 06fc5c52a01bab94b98e1faddfcb9719, type: 2}
      propertyPath: m_LocalRotation.z
      value: 0
      objectReference: {fileID: 0}
    - target: {fileID: 4124458176796056, guid: 06fc5c52a01bab94b98e1faddfcb9719, type: 2}
      propertyPath: m_LocalRotation.w
      value: 1
      objectReference: {fileID: 0}
    - target: {fileID: 4124458176796056, guid: 06fc5c52a01bab94b98e1faddfcb9719, type: 2}
      propertyPath: m_RootOrder
      value: 1
      objectReference: {fileID: 0}
    - target: {fileID: 114838434764378012, guid: 06fc5c52a01bab94b98e1faddfcb9719,
        type: 2}
      propertyPath: player
      value: 
      objectReference: {fileID: 1490883531}
    m_RemovedComponents: []
  m_SourcePrefab: {fileID: 100100000, guid: 06fc5c52a01bab94b98e1faddfcb9719, type: 2}
  m_IsPrefabAsset: 0
--- !u!1 &853208772
GameObject:
  m_ObjectHideFlags: 0
  m_CorrespondingSourceObject: {fileID: 0}
  m_PrefabInternal: {fileID: 0}
  serializedVersion: 6
  m_Component:
  - component: {fileID: 853208773}
  - component: {fileID: 853208776}
  - component: {fileID: 853208775}
  - component: {fileID: 853208774}
  m_Layer: 0
  m_Name: Suelo
  m_TagString: Untagged
  m_Icon: {fileID: 0}
  m_NavMeshLayer: 0
  m_StaticEditorFlags: 0
  m_IsActive: 1
--- !u!4 &853208773
Transform:
  m_ObjectHideFlags: 0
  m_CorrespondingSourceObject: {fileID: 0}
  m_PrefabInternal: {fileID: 0}
  m_GameObject: {fileID: 853208772}
  m_LocalRotation: {x: 0, y: 0, z: 0, w: 1}
  m_LocalPosition: {x: 0, y: 0, z: 4983}
  m_LocalScale: {x: 15, y: 1, z: 10000}
  m_Children: []
  m_Father: {fileID: 0}
  m_RootOrder: 4
  m_LocalEulerAnglesHint: {x: 0, y: 0, z: 0}
--- !u!65 &853208774
BoxCollider:
  m_ObjectHideFlags: 0
  m_CorrespondingSourceObject: {fileID: 0}
  m_PrefabInternal: {fileID: 0}
  m_GameObject: {fileID: 853208772}
  m_Material: {fileID: 13400000, guid: db2a5a943ff9aae4db9c279c5a56c2c8, type: 2}
  m_IsTrigger: 0
  m_Enabled: 1
  serializedVersion: 2
  m_Size: {x: 1, y: 1, z: 1}
  m_Center: {x: 0, y: 0, z: 0}
--- !u!23 &853208775
MeshRenderer:
  m_ObjectHideFlags: 0
  m_CorrespondingSourceObject: {fileID: 0}
  m_PrefabInternal: {fileID: 0}
  m_GameObject: {fileID: 853208772}
  m_Enabled: 1
  m_CastShadows: 1
  m_ReceiveShadows: 1
  m_DynamicOccludee: 1
  m_MotionVectors: 1
  m_LightProbeUsage: 1
  m_ReflectionProbeUsage: 1
  m_RenderingLayerMask: 4294967295
  m_Materials:
  - {fileID: 10303, guid: 0000000000000000f000000000000000, type: 0}
  m_StaticBatchInfo:
    firstSubMesh: 0
    subMeshCount: 0
  m_StaticBatchRoot: {fileID: 0}
  m_ProbeAnchor: {fileID: 0}
  m_LightProbeVolumeOverride: {fileID: 0}
  m_ScaleInLightmap: 1
  m_PreserveUVs: 0
  m_IgnoreNormalsForChartDetection: 0
  m_ImportantGI: 0
  m_StitchLightmapSeams: 0
  m_SelectedEditorRenderState: 3
  m_MinimumChartSize: 4
  m_AutoUVMaxDistance: 0.5
  m_AutoUVMaxAngle: 89
  m_LightmapParameters: {fileID: 0}
  m_SortingLayerID: 0
  m_SortingLayer: 0
  m_SortingOrder: 0
--- !u!33 &853208776
MeshFilter:
  m_ObjectHideFlags: 0
  m_CorrespondingSourceObject: {fileID: 0}
  m_PrefabInternal: {fileID: 0}
  m_GameObject: {fileID: 853208772}
  m_Mesh: {fileID: 10202, guid: 0000000000000000e000000000000000, type: 0}
--- !u!1001 &943161695
Prefab:
  m_ObjectHideFlags: 0
  serializedVersion: 2
  m_Modification:
    m_TransformParent: {fileID: 0}
    m_Modifications:
    - target: {fileID: 4586393423051094, guid: 664664ebb40f7104ca7f76f2781d53a2, type: 2}
      propertyPath: m_LocalPosition.x
      value: -3.39
      objectReference: {fileID: 0}
    - target: {fileID: 4586393423051094, guid: 664664ebb40f7104ca7f76f2781d53a2, type: 2}
      propertyPath: m_LocalPosition.y
      value: 2.94
      objectReference: {fileID: 0}
    - target: {fileID: 4586393423051094, guid: 664664ebb40f7104ca7f76f2781d53a2, type: 2}
      propertyPath: m_LocalPosition.z
      value: 18.46
      objectReference: {fileID: 0}
    - target: {fileID: 4586393423051094, guid: 664664ebb40f7104ca7f76f2781d53a2, type: 2}
      propertyPath: m_LocalRotation.x
      value: 0
      objectReference: {fileID: 0}
    - target: {fileID: 4586393423051094, guid: 664664ebb40f7104ca7f76f2781d53a2, type: 2}
      propertyPath: m_LocalRotation.y
      value: 0
      objectReference: {fileID: 0}
    - target: {fileID: 4586393423051094, guid: 664664ebb40f7104ca7f76f2781d53a2, type: 2}
      propertyPath: m_LocalRotation.z
      value: 0
      objectReference: {fileID: 0}
    - target: {fileID: 4586393423051094, guid: 664664ebb40f7104ca7f76f2781d53a2, type: 2}
      propertyPath: m_LocalRotation.w
      value: 1
      objectReference: {fileID: 0}
    - target: {fileID: 4586393423051094, guid: 664664ebb40f7104ca7f76f2781d53a2, type: 2}
      propertyPath: m_RootOrder
      value: 7
      objectReference: {fileID: 0}
    - target: {fileID: 1753063709593042, guid: 664664ebb40f7104ca7f76f2781d53a2, type: 2}
      propertyPath: m_Name
      value: Esfera (1)
      objectReference: {fileID: 0}
    m_RemovedComponents: []
  m_SourcePrefab: {fileID: 100100000, guid: 664664ebb40f7104ca7f76f2781d53a2, type: 2}
  m_IsPrefabAsset: 0
--- !u!1001 &1155300080
Prefab:
  m_ObjectHideFlags: 0
  serializedVersion: 2
  m_Modification:
    m_TransformParent: {fileID: 0}
    m_Modifications:
    - target: {fileID: 4586393423051094, guid: 664664ebb40f7104ca7f76f2781d53a2, type: 2}
      propertyPath: m_LocalPosition.x
      value: 2.82
      objectReference: {fileID: 0}
    - target: {fileID: 4586393423051094, guid: 664664ebb40f7104ca7f76f2781d53a2, type: 2}
      propertyPath: m_LocalPosition.y
      value: 2.44
      objectReference: {fileID: 0}
    - target: {fileID: 4586393423051094, guid: 664664ebb40f7104ca7f76f2781d53a2, type: 2}
      propertyPath: m_LocalPosition.z
      value: 37.57
      objectReference: {fileID: 0}
    - target: {fileID: 4586393423051094, guid: 664664ebb40f7104ca7f76f2781d53a2, type: 2}
      propertyPath: m_LocalRotation.x
      value: 0
      objectReference: {fileID: 0}
    - target: {fileID: 4586393423051094, guid: 664664ebb40f7104ca7f76f2781d53a2, type: 2}
      propertyPath: m_LocalRotation.y
      value: 0
      objectReference: {fileID: 0}
    - target: {fileID: 4586393423051094, guid: 664664ebb40f7104ca7f76f2781d53a2, type: 2}
      propertyPath: m_LocalRotation.z
      value: 0
      objectReference: {fileID: 0}
    - target: {fileID: 4586393423051094, guid: 664664ebb40f7104ca7f76f2781d53a2, type: 2}
      propertyPath: m_LocalRotation.w
      value: 1
      objectReference: {fileID: 0}
    - target: {fileID: 4586393423051094, guid: 664664ebb40f7104ca7f76f2781d53a2, type: 2}
      propertyPath: m_RootOrder
      value: 11
      objectReference: {fileID: 0}
    - target: {fileID: 1753063709593042, guid: 664664ebb40f7104ca7f76f2781d53a2, type: 2}
      propertyPath: m_Name
      value: Esfera (5)
      objectReference: {fileID: 0}
    m_RemovedComponents: []
  m_SourcePrefab: {fileID: 100100000, guid: 664664ebb40f7104ca7f76f2781d53a2, type: 2}
  m_IsPrefabAsset: 0
--- !u!1 &1209420139 stripped
GameObject:
  m_CorrespondingSourceObject: {fileID: 1453062378605524, guid: 0e770bd8a8c349447b524cf038c82b75,
    type: 2}
  m_PrefabInternal: {fileID: 1993335024}
--- !u!1001 &1310936802
Prefab:
  m_ObjectHideFlags: 0
  serializedVersion: 2
  m_Modification:
    m_TransformParent: {fileID: 0}
    m_Modifications:
    - target: {fileID: 4505024040989048, guid: 56a8315a2aecbd547a59310d777bceba, type: 2}
      propertyPath: m_LocalPosition.x
      value: 0
      objectReference: {fileID: 0}
    - target: {fileID: 4505024040989048, guid: 56a8315a2aecbd547a59310d777bceba, type: 2}
      propertyPath: m_LocalPosition.y
      value: 1
      objectReference: {fileID: 0}
    - target: {fileID: 4505024040989048, guid: 56a8315a2aecbd547a59310d777bceba, type: 2}
      propertyPath: m_LocalPosition.z
      value: 0
      objectReference: {fileID: 0}
    - target: {fileID: 4505024040989048, guid: 56a8315a2aecbd547a59310d777bceba, type: 2}
      propertyPath: m_LocalRotation.x
      value: 0
      objectReference: {fileID: 0}
    - target: {fileID: 4505024040989048, guid: 56a8315a2aecbd547a59310d777bceba, type: 2}
      propertyPath: m_LocalRotation.y
      value: 0
      objectReference: {fileID: 0}
    - target: {fileID: 4505024040989048, guid: 56a8315a2aecbd547a59310d777bceba, type: 2}
      propertyPath: m_LocalRotation.z
      value: 0
      objectReference: {fileID: 0}
    - target: {fileID: 4505024040989048, guid: 56a8315a2aecbd547a59310d777bceba, type: 2}
      propertyPath: m_LocalRotation.w
      value: 1
      objectReference: {fileID: 0}
    - target: {fileID: 4505024040989048, guid: 56a8315a2aecbd547a59310d777bceba, type: 2}
      propertyPath: m_RootOrder
      value: 12
      objectReference: {fileID: 0}
    m_RemovedComponents: []
  m_SourcePrefab: {fileID: 100100000, guid: 56a8315a2aecbd547a59310d777bceba, type: 2}
  m_IsPrefabAsset: 0
--- !u!114 &1380623213 stripped
MonoBehaviour:
  m_CorrespondingSourceObject: {fileID: 114888630853275902, guid: 56a8315a2aecbd547a59310d777bceba,
    type: 2}
  m_PrefabInternal: {fileID: 1310936802}
  m_Script: {fileID: 11500000, guid: 3c9ed076601e37d48987dc586d7c3455, type: 3}
--- !u!4 &1490883531 stripped
Transform:
  m_CorrespondingSourceObject: {fileID: 4505024040989048, guid: 56a8315a2aecbd547a59310d777bceba,
    type: 2}
  m_PrefabInternal: {fileID: 1310936802}
--- !u!1001 &1527423576
Prefab:
  m_ObjectHideFlags: 0
  serializedVersion: 2
  m_Modification:
    m_TransformParent: {fileID: 0}
    m_Modifications:
    - target: {fileID: 4809575650222006, guid: f457f5ac92d930944b764aa79bb2c52e, type: 2}
      propertyPath: m_LocalPosition.x
      value: 766
      objectReference: {fileID: 0}
    - target: {fileID: 4809575650222006, guid: f457f5ac92d930944b764aa79bb2c52e, type: 2}
      propertyPath: m_LocalPosition.y
      value: 520.5
      objectReference: {fileID: 0}
    - target: {fileID: 4809575650222006, guid: f457f5ac92d930944b764aa79bb2c52e, type: 2}
      propertyPath: m_LocalPosition.z
      value: 0
      objectReference: {fileID: 0}
    - target: {fileID: 4809575650222006, guid: f457f5ac92d930944b764aa79bb2c52e, type: 2}
      propertyPath: m_LocalRotation.x
      value: 0
      objectReference: {fileID: 0}
    - target: {fileID: 4809575650222006, guid: f457f5ac92d930944b764aa79bb2c52e, type: 2}
      propertyPath: m_LocalRotation.y
      value: 0
      objectReference: {fileID: 0}
    - target: {fileID: 4809575650222006, guid: f457f5ac92d930944b764aa79bb2c52e, type: 2}
      propertyPath: m_LocalRotation.z
      value: 0
      objectReference: {fileID: 0}
    - target: {fileID: 4809575650222006, guid: f457f5ac92d930944b764aa79bb2c52e, type: 2}
      propertyPath: m_LocalRotation.w
      value: 1
      objectReference: {fileID: 0}
    - target: {fileID: 4809575650222006, guid: f457f5ac92d930944b764aa79bb2c52e, type: 2}
      propertyPath: m_RootOrder
      value: 0
      objectReference: {fileID: 0}
    - target: {fileID: 114335118530327812, guid: f457f5ac92d930944b764aa79bb2c52e,
        type: 2}
      propertyPath: completeLevelUI
      value: 
      objectReference: {fileID: 1209420139}
    m_RemovedComponents: []
  m_SourcePrefab: {fileID: 100100000, guid: f457f5ac92d930944b764aa79bb2c52e, type: 2}
  m_IsPrefabAsset: 0
--- !u!1 &1582002650
GameObject:
  m_ObjectHideFlags: 0
  m_CorrespondingSourceObject: {fileID: 0}
  m_PrefabInternal: {fileID: 0}
  serializedVersion: 6
  m_Component:
  - component: {fileID: 1582002653}
  - component: {fileID: 1582002652}
  - component: {fileID: 1582002651}
  m_Layer: 0
  m_Name: EventSystem
  m_TagString: Untagged
  m_Icon: {fileID: 0}
  m_NavMeshLayer: 0
  m_StaticEditorFlags: 0
  m_IsActive: 1
--- !u!114 &1582002651
MonoBehaviour:
  m_ObjectHideFlags: 0
  m_CorrespondingSourceObject: {fileID: 0}
  m_PrefabInternal: {fileID: 0}
  m_GameObject: {fileID: 1582002650}
  m_Enabled: 1
  m_EditorHideFlags: 0
  m_Script: {fileID: 1077351063, guid: f70555f144d8491a825f0804e09c671c, type: 3}
  m_Name: 
  m_EditorClassIdentifier: 
  m_HorizontalAxis: Horizontal
  m_VerticalAxis: Vertical
  m_SubmitButton: Submit
  m_CancelButton: Cancel
  m_InputActionsPerSecond: 10
  m_RepeatDelay: 0.5
  m_ForceModuleActive: 0
--- !u!114 &1582002652
MonoBehaviour:
  m_ObjectHideFlags: 0
  m_CorrespondingSourceObject: {fileID: 0}
  m_PrefabInternal: {fileID: 0}
  m_GameObject: {fileID: 1582002650}
  m_Enabled: 1
  m_EditorHideFlags: 0
  m_Script: {fileID: -619905303, guid: f70555f144d8491a825f0804e09c671c, type: 3}
  m_Name: 
  m_EditorClassIdentifier: 
  m_FirstSelected: {fileID: 0}
  m_sendNavigationEvents: 1
  m_DragThreshold: 10
--- !u!4 &1582002653
Transform:
  m_ObjectHideFlags: 0
  m_CorrespondingSourceObject: {fileID: 0}
  m_PrefabInternal: {fileID: 0}
  m_GameObject: {fileID: 1582002650}
  m_LocalRotation: {x: 0, y: 0, z: 0, w: 1}
  m_LocalPosition: {x: 0, y: 0, z: 0}
  m_LocalScale: {x: 1, y: 1, z: 1}
  m_Children: []
  m_Father: {fileID: 0}
  m_RootOrder: 2
  m_LocalEulerAnglesHint: {x: 0, y: 0, z: 0}
--- !u!1001 &1661670933
Prefab:
  m_ObjectHideFlags: 0
  serializedVersion: 2
  m_Modification:
    m_TransformParent: {fileID: 0}
    m_Modifications:
    - target: {fileID: 4211513035113652, guid: b6ae6ee17e6154b4c8c9b42371bdbcd6, type: 2}
      propertyPath: m_LocalPosition.x
      value: 0
      objectReference: {fileID: 0}
    - target: {fileID: 4211513035113652, guid: b6ae6ee17e6154b4c8c9b42371bdbcd6, type: 2}
      propertyPath: m_LocalPosition.y
      value: 3
      objectReference: {fileID: 0}
    - target: {fileID: 4211513035113652, guid: b6ae6ee17e6154b4c8c9b42371bdbcd6, type: 2}
      propertyPath: m_LocalPosition.z
      value: 68.5
      objectReference: {fileID: 0}
    - target: {fileID: 4211513035113652, guid: b6ae6ee17e6154b4c8c9b42371bdbcd6, type: 2}
      propertyPath: m_LocalRotation.x
      value: 0
      objectReference: {fileID: 0}
    - target: {fileID: 4211513035113652, guid: b6ae6ee17e6154b4c8c9b42371bdbcd6, type: 2}
      propertyPath: m_LocalRotation.y
      value: 0
      objectReference: {fileID: 0}
    - target: {fileID: 4211513035113652, guid: b6ae6ee17e6154b4c8c9b42371bdbcd6, type: 2}
      propertyPath: m_LocalRotation.z
      value: 0
      objectReference: {fileID: 0}
    - target: {fileID: 4211513035113652, guid: b6ae6ee17e6154b4c8c9b42371bdbcd6, type: 2}
      propertyPath: m_LocalRotation.w
      value: 1
      objectReference: {fileID: 0}
    - target: {fileID: 4211513035113652, guid: b6ae6ee17e6154b4c8c9b42371bdbcd6, type: 2}
      propertyPath: m_RootOrder
      value: 13
      objectReference: {fileID: 0}
    - target: {fileID: 114587397925079544, guid: b6ae6ee17e6154b4c8c9b42371bdbcd6,
        type: 2}
      propertyPath: gameManager
      value: 
      objectReference: {fileID: 135627024}
    m_RemovedComponents: []
  m_SourcePrefab: {fileID: 100100000, guid: b6ae6ee17e6154b4c8c9b42371bdbcd6, type: 2}
  m_IsPrefabAsset: 0
--- !u!1001 &1855438444
Prefab:
  m_ObjectHideFlags: 0
  serializedVersion: 2
  m_Modification:
    m_TransformParent: {fileID: 0}
    m_Modifications:
    - target: {fileID: 4586393423051094, guid: 664664ebb40f7104ca7f76f2781d53a2, type: 2}
      propertyPath: m_LocalPosition.x
      value: -1.89
      objectReference: {fileID: 0}
    - target: {fileID: 4586393423051094, guid: 664664ebb40f7104ca7f76f2781d53a2, type: 2}
      propertyPath: m_LocalPosition.y
      value: 2.44
      objectReference: {fileID: 0}
    - target: {fileID: 4586393423051094, guid: 664664ebb40f7104ca7f76f2781d53a2, type: 2}
      propertyPath: m_LocalPosition.z
      value: 18.63
      objectReference: {fileID: 0}
    - target: {fileID: 4586393423051094, guid: 664664ebb40f7104ca7f76f2781d53a2, type: 2}
      propertyPath: m_LocalRotation.x
      value: 0
      objectReference: {fileID: 0}
    - target: {fileID: 4586393423051094, guid: 664664ebb40f7104ca7f76f2781d53a2, type: 2}
      propertyPath: m_LocalRotation.y
      value: 0
      objectReference: {fileID: 0}
    - target: {fileID: 4586393423051094, guid: 664664ebb40f7104ca7f76f2781d53a2, type: 2}
      propertyPath: m_LocalRotation.z
      value: 0
      objectReference: {fileID: 0}
    - target: {fileID: 4586393423051094, guid: 664664ebb40f7104ca7f76f2781d53a2, type: 2}
      propertyPath: m_LocalRotation.w
      value: 1
      objectReference: {fileID: 0}
    - target: {fileID: 4586393423051094, guid: 664664ebb40f7104ca7f76f2781d53a2, type: 2}
      propertyPath: m_RootOrder
      value: 8
      objectReference: {fileID: 0}
    - target: {fileID: 1753063709593042, guid: 664664ebb40f7104ca7f76f2781d53a2, type: 2}
      propertyPath: m_Name
      value: Esfera (2)
      objectReference: {fileID: 0}
    - target: {fileID: 114277626476077274, guid: 664664ebb40f7104ca7f76f2781d53a2,
        type: 2}
      propertyPath: movement
      value: 
      objectReference: {fileID: 1380623213}
    m_RemovedComponents: []
  m_SourcePrefab: {fileID: 100100000, guid: 664664ebb40f7104ca7f76f2781d53a2, type: 2}
  m_IsPrefabAsset: 0
--- !u!1001 &1955843224
Prefab:
  m_ObjectHideFlags: 0
  serializedVersion: 2
  m_Modification:
    m_TransformParent: {fileID: 0}
    m_Modifications:
    - target: {fileID: 4586393423051094, guid: 664664ebb40f7104ca7f76f2781d53a2, type: 2}
      propertyPath: m_LocalPosition.x
      value: 0.29
      objectReference: {fileID: 0}
    - target: {fileID: 4586393423051094, guid: 664664ebb40f7104ca7f76f2781d53a2, type: 2}
      propertyPath: m_LocalPosition.y
      value: 2.44
      objectReference: {fileID: 0}
    - target: {fileID: 4586393423051094, guid: 664664ebb40f7104ca7f76f2781d53a2, type: 2}
      propertyPath: m_LocalPosition.z
      value: 31.03
      objectReference: {fileID: 0}
    - target: {fileID: 4586393423051094, guid: 664664ebb40f7104ca7f76f2781d53a2, type: 2}
      propertyPath: m_LocalRotation.x
      value: 0
      objectReference: {fileID: 0}
    - target: {fileID: 4586393423051094, guid: 664664ebb40f7104ca7f76f2781d53a2, type: 2}
      propertyPath: m_LocalRotation.y
      value: 0
      objectReference: {fileID: 0}
    - target: {fileID: 4586393423051094, guid: 664664ebb40f7104ca7f76f2781d53a2, type: 2}
      propertyPath: m_LocalRotation.z
      value: 0
      objectReference: {fileID: 0}
    - target: {fileID: 4586393423051094, guid: 664664ebb40f7104ca7f76f2781d53a2, type: 2}
      propertyPath: m_LocalRotation.w
      value: 1
      objectReference: {fileID: 0}
    - target: {fileID: 4586393423051094, guid: 664664ebb40f7104ca7f76f2781d53a2, type: 2}
      propertyPath: m_RootOrder
      value: 10
      objectReference: {fileID: 0}
    - target: {fileID: 1753063709593042, guid: 664664ebb40f7104ca7f76f2781d53a2, type: 2}
      propertyPath: m_Name
      value: Esfera (4)
      objectReference: {fileID: 0}
    m_RemovedComponents: []
  m_SourcePrefab: {fileID: 100100000, guid: 664664ebb40f7104ca7f76f2781d53a2, type: 2}
  m_IsPrefabAsset: 0
--- !u!1001 &1993335024
Prefab:
  m_ObjectHideFlags: 0
  serializedVersion: 2
  m_Modification:
    m_TransformParent: {fileID: 0}
    m_Modifications:
    - target: {fileID: 224099462787747718, guid: 0e770bd8a8c349447b524cf038c82b75,
        type: 2}
      propertyPath: m_LocalPosition.x
      value: 0
      objectReference: {fileID: 0}
    - target: {fileID: 224099462787747718, guid: 0e770bd8a8c349447b524cf038c82b75,
        type: 2}
      propertyPath: m_LocalPosition.y
      value: 0
      objectReference: {fileID: 0}
    - target: {fileID: 224099462787747718, guid: 0e770bd8a8c349447b524cf038c82b75,
        type: 2}
      propertyPath: m_LocalPosition.z
      value: 0
      objectReference: {fileID: 0}
    - target: {fileID: 224099462787747718, guid: 0e770bd8a8c349447b524cf038c82b75,
        type: 2}
      propertyPath: m_LocalRotation.x
      value: 0
      objectReference: {fileID: 0}
    - target: {fileID: 224099462787747718, guid: 0e770bd8a8c349447b524cf038c82b75,
        type: 2}
      propertyPath: m_LocalRotation.y
      value: 0
      objectReference: {fileID: 0}
    - target: {fileID: 224099462787747718, guid: 0e770bd8a8c349447b524cf038c82b75,
        type: 2}
      propertyPath: m_LocalRotation.z
      value: 0
      objectReference: {fileID: 0}
    - target: {fileID: 224099462787747718, guid: 0e770bd8a8c349447b524cf038c82b75,
        type: 2}
      propertyPath: m_LocalRotation.w
      value: 1
      objectReference: {fileID: 0}
    - target: {fileID: 224099462787747718, guid: 0e770bd8a8c349447b524cf038c82b75,
        type: 2}
      propertyPath: m_RootOrder
      value: 5
      objectReference: {fileID: 0}
    - target: {fileID: 224099462787747718, guid: 0e770bd8a8c349447b524cf038c82b75,
        type: 2}
      propertyPath: m_AnchoredPosition.x
      value: 0
      objectReference: {fileID: 0}
    - target: {fileID: 224099462787747718, guid: 0e770bd8a8c349447b524cf038c82b75,
        type: 2}
      propertyPath: m_AnchoredPosition.y
      value: 0
      objectReference: {fileID: 0}
    - target: {fileID: 224099462787747718, guid: 0e770bd8a8c349447b524cf038c82b75,
        type: 2}
      propertyPath: m_SizeDelta.x
      value: 0
      objectReference: {fileID: 0}
    - target: {fileID: 224099462787747718, guid: 0e770bd8a8c349447b524cf038c82b75,
        type: 2}
      propertyPath: m_SizeDelta.y
      value: 0
      objectReference: {fileID: 0}
    - target: {fileID: 224099462787747718, guid: 0e770bd8a8c349447b524cf038c82b75,
        type: 2}
      propertyPath: m_AnchorMin.x
      value: 0
      objectReference: {fileID: 0}
    - target: {fileID: 224099462787747718, guid: 0e770bd8a8c349447b524cf038c82b75,
        type: 2}
      propertyPath: m_AnchorMin.y
      value: 0
      objectReference: {fileID: 0}
    - target: {fileID: 224099462787747718, guid: 0e770bd8a8c349447b524cf038c82b75,
        type: 2}
      propertyPath: m_AnchorMax.x
      value: 0
      objectReference: {fileID: 0}
    - target: {fileID: 224099462787747718, guid: 0e770bd8a8c349447b524cf038c82b75,
        type: 2}
      propertyPath: m_AnchorMax.y
      value: 0
      objectReference: {fileID: 0}
    - target: {fileID: 224099462787747718, guid: 0e770bd8a8c349447b524cf038c82b75,
        type: 2}
      propertyPath: m_Pivot.x
      value: 0
      objectReference: {fileID: 0}
    - target: {fileID: 224099462787747718, guid: 0e770bd8a8c349447b524cf038c82b75,
        type: 2}
      propertyPath: m_Pivot.y
      value: 0
      objectReference: {fileID: 0}
    - target: {fileID: 114173850062955492, guid: 0e770bd8a8c349447b524cf038c82b75,
        type: 2}
      propertyPath: player
      value: 
      objectReference: {fileID: 1490883531}
    m_RemovedComponents: []
  m_SourcePrefab: {fileID: 100100000, guid: 0e770bd8a8c349447b524cf038c82b75, type: 2}
  m_IsPrefabAsset: 0
